<?xml version="1.0" encoding="UTF-8"?><collection xmlns="http://www.loc.gov/MARC21/slim"><record><leader>00315nam--2200121-i-4500</leader><controlfield tag="001">000022716</controlfield><controlfield tag="002">20161230</controlfield><controlfield tag="005">20161230201034</controlfield><controlfield tag="008">060222s1000------------r-----000-0-eng-d</controlfield><datafield ind1=" " ind2=" " tag="100"><subfield code="a">Ibraev, R.A</subfield></datafield><datafield ind1=" " ind2=" " tag="245"><subfield code="a">Syromyatnikov, n.g</subfield></datafield><datafield ind1=" " ind2=" " tag="260"><subfield code="a">Muskashev, F.A</subfield></datafield><datafield ind1=" " ind2=" " tag="490"><subfield code="a">Aldermaston, Atomic Weapons Research Establishment. 11p</subfield></datafield></record></collection>